@book{furps,
    author = "Robert B. Grady and Deborah L. Caswell",
    title = "Software Metrics: Establishing a Company-Wide Program",
    date = {1987-05-01},
    publisher = "Pearson Education",
    edition = {1}
}
//page 159

@book{furpsplus,
    author = "Robert B. Grady",
    title = "Practical Software Metrics for Project Management and Process Improvement",
    date = {1992-02-01},
    publisher = "Prentice Hall"
}

@inproceedings{softwarequalitymodels,
    author = {AL-Badareen, Anas and Selamat, Mohd and A. Jabar, Marzanah and Din, Jamilah and Turaev, Sherzod},
    year = {2011},
    month = {01},
    pages = {46-55},
    title = {Software Quality Models: A Comparative Study},
    volume = {179},
    isbn = {978-3-642-22169-9},
    journal = {Communications in Computer and Information Science},
    doi = {10.1007/978-3-642-22170-5_4}
}

@online{furpsplusibm,
    title = "Capturing Architectural Requirements",
    author = "Peter Eeles",
    organization = "International Business Machines Corporation",
    url = "https://web.archive.org/web/20201112020231/http://www.ibm.com/developerworks/rational/library/4706.html#N100A7",
    urldate = {2020-11-12},
    date = {2005-11-15}
}

@book{larman,
    author = "Craig Larman",
    title = "Applying UML and Patterns: An Introduction to Object-Oriented Analysis and Design and Iterative Development",
    publisher = "Prentice Hall",
    date = {2002},
    edition = {2}
}

@article{wirfsbrock,
    author = "Rebecca Wirfs-Brock",
    title = "Designing Scenarios: Making the Case for a Use Case Framework",
    journal = "Smalltalk Report",
    publisher = "SIGS Publications",
    date = {1993-11}
}

@online{globalstats,
    title = "Desktop vs Mobile vs Tablet vs Console Market Share Worldwide",
    url = "https://gs.statcounter.com/platform-market-share#monthly-202004-202104",
    date = {2021-04-01},
    urldate = {2021-05-29},
    author = "StatCounter"
}

@article{bcrypt,
    author = {Kamal, Parves},
    year = {2019},
    month = {01},
    pages = {45-68},
    title = {Security of Password Hashing in Cloud},
    volume = {10},
    journal = {Journal of Information Security},
    doi = {10.4236/jis.2019.102003}
}

@book{usability,
    author = "Jakob Nielsen",
    title = "Usability Engineering (Interactive Technologies)",
    date = {1993},
    edition = {1},
    publisher = "Morgan Kaufmann"
}

@online{requirementsspecification,
    title = "Review and Comparison of Different Software Quality Models",
    author = {Muhammad Qasim Riaz and Zeeshan Asif},
    url = "https://www.ukessays.com/essays/computer-science/review-comparison-software-quality-6861.php",
    urldate = {2021-05-30},
    date = {2017-08-18},
    organization = "UKEssays"
}

@online{multios,
    title = "Overview",
    author = {{Multi-OS Engine}},
    url = "https://doc.multi-os-engine.org/multi-os-engine/1_Overview/Overview.html",
    urldate = {2021-05-30},
    date = {2016}
}

@online{androidfundamentals,
    title = "Application Fundamentals",
    author = {{Google Developers}},
    url = "https://developer.android.com/guide/components/fundamentals",
    urldate = {2021-05-30},
    date = {2021-02-23}
}

@online{oracle,
    title = "Wat zijn de systeemvereisten voor Java?",
    author = {{Oracle}},
    url = "https://java.com/nl/download/help/sysreq.html",
    urldate = {2021-05-30}
}

@book{architecture,
    title = "Clean Architecture: A Craftsmanâ€™s Guide to Software Structure and Design",
    author = "Robert C. Martin",
    date = {2017-09-10},
    publisher = "Prentice Hall",
    edition = {1}
}

@book{designpatterns,
    title = "Design Patterns: Elements of Reusable Object-Oriented Software",
    author = "Erich Gamma and Richard Helm and Ralph Johnson and John Vlissides",
    date = {1994-11-10},
    pusblisher = "Addison-Wesley",
    edition = {1}
}

@online{solid,
    url = "https://web.archive.org/web/20150906155800/http://www.objectmentor.com/resources/articles/Principles_and_Patterns.pdf",
    urldate = {2015-09-06},
    title = "Design Principles and Design Patterns",
    author = "Robert C. Martin",
    date = {2000}
}

@online{inlineclass,
    url = "https://refactoring.guru/inline-class",
    urldate = {2021-06-09},
    title = "Inline Class",
    author = "Refactoring.Guru",
}